@online{media:2008-03-13:facebook-chat,
  author = {Letuchy, Eugene},
  organization = {Facebook Engineering},
  title = {Facebook Chat},
  year = 2008,
  month = 03,
  day = 13,
  url = {https://www.facebook.com/note.php?note_id=14218138919},
  webarchivedate = {2019-02-02T18:30:14}
}
