@online{media:2014-02-21:Inside-Erlang,
  author = {O'connell, Ainsley},
  organization = {Fast Company},
  title = {Inside Erlang, The Rare Programming Language Behind WhatsAppâ€™s Success},
  year = 2014,
  month = 02,
  day = 21,
  url = {https://www.fastcompany.com/3026758/inside-erlang-the-rare-programming-language-behind-whatsapps-success},
  webarchivedate = {2019-04-18T01:43:32}
}
