@online{media:2015-01-09:Klarna-Engineering-Insights,
  author = {Klarna Engineering},
  title = {Klarna Engineering Insights},
  year = 2015,
  month = 01,
  day = 09,
  url = {http://engineering.klarna.com/article/klarna-engineering-insights/},
  webarchivedate = {2016-05-09T19:43:57}
}
