@online{media:2018-03-31:Erlang-20-years,
  author = {Ericsson AB},
  title = {Erlang celebrates 20 years as open source},
  year = 2018,
  month = 03,
  day = 31,
  url = {https://www.ericsson.com/en/news/2018/5/erlang-celebrates-20-years-as-open-source},
  webarchivedate = {2018-06-26T13:08:19}
}
